<?xml version="1.0" encoding="UTF-8"?>
<record>
  <leader>00943cam#a22003252cb4500</leader>
  <controlfield tag="003">DE-605</controlfield>
  <controlfield tag="005">20240112103444.0</controlfield>
  <controlfield tag="007">cr</controlfield>
  <controlfield tag="008">240112s2013    gw |    o    |||| 0|    c</controlfield>
  <controlfield tag="001">99371964653806441</controlfield>
  <datafield tag="020" ind1=" " ind2=" ">
    <subfield code="a">9783657770625</subfield>
  </datafield>
  <datafield tag="035" ind1=" " ind2=" ">
    <subfield code="a">(DE-605)HT021761293</subfield>
  </datafield>
  <datafield tag="040" ind1=" " ind2=" ">
    <subfield code="a">EBA-UTB</subfield>
    <subfield code="b">ger</subfield>
    <subfield code="c">EBA-UTB</subfield>
    <subfield code="d">DE-605</subfield>
  </datafield>
  <datafield tag="100" ind1="1" ind2=" ">
    <subfield code="a">Krüger, Jens Oliver</subfield>
    <subfield code="4">aut</subfield>
  </datafield>
  <datafield tag="245" ind1="1" ind2="0">
    <subfield code="a">Pädagogische Ironie - Ironische Pädagogik</subfield>
  </datafield>
  <datafield tag="250" ind1=" " ind2=" ">
    <subfield code="a">2013</subfield>
  </datafield>
  <datafield tag="264" ind1=" " ind2="1">
    <subfield code="b">Brill | Schöningh</subfield>
    <subfield code="c">2013</subfield>
  </datafield>
  <datafield tag="300" ind1=" " ind2=" ">
    <subfield code="a">1 Online-Ressource</subfield>
  </datafield>
  <datafield tag="336" ind1=" " ind2=" ">
    <subfield code="b">txt</subfield>
  </datafield>
  <datafield tag="337" ind1=" " ind2=" ">
    <subfield code="b">c</subfield>
  </datafield>
  <datafield tag="338" ind1=" " ind2=" ">
    <subfield code="b">cr</subfield>
  </datafield>
  <datafield tag="490" ind1="0" ind2=" ">
    <subfield code="a">Theorieforum Pädagogik</subfield>
    <subfield code="v">2</subfield>
  </datafield>
  <datafield tag="035" ind1=" " ind2=" ">
    <subfield code="a">(hbzERes_EBA-UTB)10.5555/9783657770625</subfield>
  </datafield>
  <datafield tag="035" ind1=" " ind2=" ">
    <subfield code="a">(DE-599)HBZHT021761293</subfield>
  </datafield>
  <datafield tag="024" ind1="7" ind2=" ">
    <subfield code="a">10.5555/9783657770625</subfield>
    <subfield code="2">doi</subfield>
  </datafield>
  <datafield tag="962" ind1=" " ind2=" ">
    <subfield code="e">ZDB-41-UTB-EBA</subfield>
  </datafield>
  <datafield tag="912" ind1=" " ind2=" ">
    <subfield code="a">ZDB-41-UTB-EBA</subfield>
  </datafield>
  <datafield tag="856" ind1=" " ind2=" ">
    <subfield code="u">https://elibrary.utb.de/doi/book/10.5555/9783657770625</subfield>
  </datafield>
  <datafield tag="776" ind1="0" ind2=" ">
    <subfield code="z">9783506770622</subfield>
  </datafield>
  <datafield tag="650" ind1="1" ind2="4">
    <subfield code="a">Gesellschaft und Sozialwissenschaften</subfield>
  </datafield>
  <datafield tag="MBD" ind1=" " ind2=" ">
    <subfield code="M">49HBZ_NETWORK</subfield>
    <subfield code="i">99371964653806441</subfield>
    <subfield code="n">HBZ Network</subfield>
  </datafield>
  <datafield tag="MNG" ind1=" " ind2=" ">
    <subfield code="c">System</subfield>
    <subfield code="f">HBZ</subfield>
    <subfield code="i">marc21</subfield>
    <subfield code="h">20240112103444.0</subfield>
    <subfield code="k">01</subfield>
    <subfield code="e">false</subfield>
    <subfield code="d">2024-01-12 10:42:13 Europe/Berlin</subfield>
    <subfield code="g">HT021761293</subfield>
    <subfield code="j">60</subfield>
    <subfield code="a">System</subfield>
    <subfield code="b">2023-03-10 13:46:30 Europe/Berlin</subfield>
  </datafield>
  <datafield tag="POR" ind1=" " ind2=" ">
    <subfield code="j">ebooks.NRW</subfield>
    <subfield code="x">System</subfield>
    <subfield code="a">53811498490006441</subfield>
    <subfield code="M">49HBZ_NETWORK</subfield>
    <subfield code="p">61810821440006441</subfield>
    <subfield code="q">utb elibrary scholars ebs bis 31.12.2023 (ZDB-41-UTB-EBA)</subfield>
    <subfield code="c">static</subfield>
    <subfield code="B">Produktsigel: ZDB-41-UTB-EBA&lt;br&gt;NZ-P2E-prod-hbz&lt;br&gt;E-Book-Verfahren: EBA-UTB</subfield>
    <subfield code="A">49HBZ_RHW</subfield>
    <subfield code="A">49HBZ_UBO</subfield>
    <subfield code="A">49HBZ_SIE</subfield>
    <subfield code="A">49HBZ_BIE</subfield>
    <subfield code="A">49HBZ_FSW</subfield>
    <subfield code="A">49HBZ_FUH</subfield>
    <subfield code="A">49HBZ_KHM</subfield>
    <subfield code="A">49HBZ_FDO</subfield>
    <subfield code="A">49HBZ_ZBS</subfield>
    <subfield code="A">49HBZ_EVH</subfield>
    <subfield code="A">49HBZ_THK</subfield>
    <subfield code="A">49HBZ_UBK</subfield>
    <subfield code="A">49HBZ_FHM</subfield>
    <subfield code="A">49HBZ_PAD</subfield>
    <subfield code="A">49HBZ_WUP</subfield>
    <subfield code="A">49HBZ_HSD</subfield>
    <subfield code="A">49HBZ_HBO</subfield>
    <subfield code="A">49HBZ_UBD</subfield>
    <subfield code="A">49HBZ_RFH</subfield>
    <subfield code="A">49HBZ_FHA</subfield>
    <subfield code="A">49HBZ_OWL</subfield>
    <subfield code="A">49HBZ_UDE</subfield>
    <subfield code="A">49HBZ_HSN</subfield>
    <subfield code="A">49HBZ_WHS</subfield>
    <subfield code="A">49HBZ_RUW</subfield>
    <subfield code="A">49HBZ_BRS</subfield>
    <subfield code="A">49HBZ_KHO</subfield>
    <subfield code="A">49HBZ_DUE</subfield>
    <subfield code="A">49HBZ_HBI</subfield>
    <subfield code="A">49HBZ_UBA</subfield>
    <subfield code="A">49HBZ_ULM</subfield>
    <subfield code="A">49HBZ_HGB</subfield>
    <subfield code="A">49HBZ_TGA</subfield>
    <subfield code="A">49HBZ_ULB</subfield>
    <subfield code="y">2023-03-10 15:02:18 Europe/Berlin</subfield>
    <subfield code="w">2023-03-10 15:02:15 Europe/Berlin</subfield>
    <subfield code="D">https://eu04.alma.exlibrisgroup.com/view/uresolver/49HBZ_NETWORK/openurl?u.ignore_date_coverage=true&amp;portfolio_pid=53811498490006441&amp;Force_direct=true</subfield>
    <subfield code="v">System</subfield>
    <subfield code="z">2023-03-10 14:02:15</subfield>
    <subfield code="i">false</subfield>
    <subfield code="S">62810821430006441</subfield>
    <subfield code="d">https://hbz-network.userservices.exlibrisgroup.com/view/uresolver/49HBZ_NETWORK/openurl?u.ignore_date_coverage=true&amp;rft.mms_id=99371964653806441</subfield>
    <subfield code="b">Available</subfield>
    <subfield code="f">BOOK</subfield>
    <subfield code="e">https://elibrary.utb.de/doi/book/10.5555/9783657770625</subfield>
    <subfield code="8">53811498490006441</subfield>
  </datafield>
</record>
